@book{rehacek,
  author = {Petr Řeháček},
  title = {{Projektové řízení podle PMI}},
  address = {Praha},
  publisher = {Ekopress},
  year = {2013},
  isbn = {978-80-86929-90-3},
}

@book{schwalbe,
  author = {Kathy Schwalbe},
  title = {{Řízení projektů v IT: kompletní průvodce}},
  address = {Brno},
  publisher = {Computer Press},
  year = {2011},
  isbn = {978-80-251-2882-4},
}

@book{kadlec,
  author = {Václav Kadlec},
  title = {{Agilní programování: metodiky efektivního vývoje softwaru.}},
  address = {Brno},
  publisher = {Computer Press},
  year = {2004},
  isbn = {80-251-0342-0},
}

@online{redmine,
  author = {Jean-Philippe Lang},
  title = {{Overview - Redmine}},
  url = {http://www.redmine.org},
  urldate = {2017-03-05},
  year = {2006},
}

@online{git,
  author = {{Software Freedom Conservancy}},
  title = {Git},
  url = {https://git-scm.com/},
  urldate = {2017-03-05},
}

@online{hroncok,
  author = {Miroslav Hrončok},
  title = {{Diplomová práce}},
  url = {https://github.com/hroncok/diplomka},
  urldate = {2017-03-05},
  year = {2016}
}

@online{thesis-tips,
  author = {Miroslav Hrončok},
  title = {{FIT ČVUT thesis tips}},
  url = {https://github.com/hroncok/fit-thesis-tips},
  urldate = {2017-03-05},
  year = {2016}
}

@online{manifesto,
  author = {Kent Beck and
            Mike Beedle and
            Arie van Bennekum and
            Alistair Cockburn and
            Ward Cunningham and
            Martin Fowler and
            James Grenning and
            Jim Highsmith and
            Andrew Hunt and
            Ron Jeffries and
            Jon Kern and
            Brian Marick and
            Robert C. Martin and
            Steve Mellor and
            Ken Schwaber and
            Jeff Sutherland and
            Dave Thomas},
  title = {Manifesto for Agile Software Development},
  url = {http://agilemanifesto.org/},
  urldate = {2017-03-15},
  year = {2001}
}
